%% This BibTeX bibliography file was created using BibDesk.
%% http://bibdesk.sourceforge.net/

%% Created for Emma Thomas at 2020-04-05 18:05:21 -0700 


%% Saved with string encoding Unicode (UTF-8) 



@article{barbieri2004optimal,
	Author = {Barbieri, Maria Maddalena and Berger, James O},
	Date-Added = {2020-04-05 17:59:10 -0700},
	Date-Modified = {2020-04-05 18:05:21 -0700},
	Journal = {The Annals of Statistics},
	Number = {3},
	Pages = {870--897},
	Publisher = {Institute of Mathematical Statistics},
	Title = {Optimal predictive model selection},
	Volume = {32},
	Year = {2004}}

@book{bishop2016pattern,
	Author = {Christopher M Bishop},
	Date-Added = {2020-04-05 12:34:42 -0700},
	Date-Modified = {2020-04-05 12:34:42 -0700},
	Publisher = {Springer-Verlag New York},
	Title = {Pattern Recognition and Machine Learning},
	Year = {2016}}

@article{maclure1991case,
	Author = {Maclure, Malcolm},
	Date-Added = {2020-04-05 12:33:39 -0700},
	Date-Modified = {2020-04-05 12:33:39 -0700},
	Journal = {American Journal of Epidemiology},
	Number = {2},
	Pages = {144--153},
	Publisher = {Oxford University Press},
	Title = {The case-crossover design: a method for studying transient effects on the risk of acute events},
	Volume = {133},
	Year = {1991}}

@article{jaakkola2000bayesian,
	Author = {Jaakkola, Tommi S and Jordan, Michael I},
	Date-Added = {2020-04-05 12:27:18 -0700},
	Date-Modified = {2020-04-05 12:27:18 -0700},
	Journal = {Statistics and Computing},
	Number = {1},
	Pages = {25--37},
	Publisher = {Springer},
	Title = {Bayesian parameter estimation via variational methods},
	Volume = {10},
	Year = {2000}}

@inproceedings{khan2010variational,
	Author = {Khan, Mohammad E and Bouchard, Guillaume and Murphy, Kevin P and Marlin, Benjamin M},
	Booktitle = {Advances in Neural Information Processing Systems},
	Date-Added = {2020-04-05 12:25:46 -0700},
	Date-Modified = {2020-04-05 12:25:46 -0700},
	Pages = {1108--1116},
	Title = {Variational bounds for mixed-data factor analysis},
	Year = {2010}}

@article{blei2003latent,
	Author = {Blei, David M and Ng, Andrew Y and Jordan, Michael I},
	Date-Added = {2020-04-05 12:25:33 -0700},
	Date-Modified = {2020-04-05 12:25:33 -0700},
	Journal = {Journal of Machine Learning Research},
	Pages = {993--1022},
	Title = {Latent dirichlet allocation},
	Volume = {3},
	Year = {2003}}

@article{gelman2006prior,
	Author = {Gelman, Andrew},
	Date-Added = {2020-04-05 12:24:05 -0700},
	Date-Modified = {2020-04-05 12:24:17 -0700},
	Journal = {Bayesian Analysis},
	Number = {3},
	Pages = {515--534},
	Publisher = {International Society for Bayesian Analysis},
	Title = {Prior distributions for variance parameters in hierarchical models},
	Volume = {1},
	Year = {2006}}

@article{blei2017variational,
	Author = {Blei, David M and Kucukelbir, Alp and McAuliffe, Jon D},
	Date-Added = {2020-04-05 12:22:39 -0700},
	Date-Modified = {2020-04-05 12:22:39 -0700},
	Journal = {Journal of the American Statistical Association},
	Number = {518},
	Pages = {859--877},
	Publisher = {Taylor \& Francis},
	Title = {Variational inference: A review for statisticians},
	Volume = {112},
	Year = {2017}}

@webpage{healthcare2018clinical,
	Author = {{Healthcare Cost and Utilization Project}},
	Date-Added = {2020-04-05 12:21:52 -0700},
	Date-Modified = {2020-04-05 14:13:36 -0700},
	Lastchecked = {February 2020},
	Title = {{Clinical Classifications Software (CCS) for ICD-9-CM}},
	Url = {www. hcup-us.ahrq. gov/toolssoftware/ccs/ccs},
	Volume = {27},
	Year = {2018},
	Bdsk-Url-1 = {www.%20hcup-us.ahrq.%20gov/toolssoftware/ccs/ccs}}

@article{thomas2020estimating,
	Author = {Thomas, Emma G and Trippa, Lorenzo and Parmigiani, Giovanni and Dominici, Francesca},
	Date-Added = {2020-04-05 12:20:25 -0700},
	Date-Modified = {2020-04-05 12:20:25 -0700},
	Journal = {Journal of the American Statistical Association},
	Number = {just-accepted},
	Pages = {1--29},
	Publisher = {Taylor \& Francis},
	Title = {Estimating the Effects of Fine Particulate Matter on 432 Cardiovascular Diseases Using Multi-Outcome Regression with Tree-Structured Shrinkage},
	Year = {2020}}
